
@online{noauthor_scrum_nodate,
	title = {Scrum (développement) — Wikipédia},
	url = {https://fr.wikipedia.org/wiki/Scrum_(d%C3%A9veloppement)},
	urldate = {2020-06-09}
}

@online{noauthor_manifeste_nodate,
	title = {Manifeste agile — Wikipédia},
	url = {https://fr.wikipedia.org/wiki/Manifeste_agile},
	urldate = {2020-06-09}
}

@inreference{noauthor_manifeste_2020,
	title = {Manifeste agile},
	rights = {Creative Commons Attribution-{ShareAlike} License},
	url = {https://fr.wikipedia.org/w/index.php?title=Manifeste_agile&oldid=170925619},
	abstract = {Le Manifeste pour le développement agile de logiciels est un texte rédigé par dix-sept experts du développement d'applications informatiques sous la forme de plusieurs méthodes dites agiles. Ces experts estimaient que le traditionnel cycle de développement en cascade ne correspondait plus aux contraintes et aux exigences des organisations en évolution rapide. Les méthodes agiles ne sont pas apparues avec l’Agile manifesto en 2001 mais celui-ci détermine leurs dénominateurs communs et consacre le terme d'« agile » pour les référencer. Les valeurs et principes du Manifeste agile sont défendus par l'Agile Alliance.},
	booktitle = {Wikipédia},
	urldate = {2020-06-09},
	date = {2020-05-16},
	langid = {french},
	note = {Page Version {ID}: 170925619}
}

@online{noauthor_4_nodate,
	title = {The 4 Values and 12 Principles of the Agile Manifesto},
	url = {https://www.smartsheet.com/comprehensive-guide-values-principles-agile-manifesto},
	urldate = {2020-06-09}
}

@online{noauthor_get_nodate,
	title = {Get Started for Free {\textbar} Smartsheet},
	url = {https://www.smartsheet.com/try-it?trp=8634&lx=2sgpTbF12suoPxu20v5CoABAgeTPLDIL8TQRu558b7w&lpv=topnav&tg=&sc=&cta_from=&cta_to=},
	urldate = {2020-06-09}
}

@online{noauthor_comprehensive_nodate,
	title = {Comprehensive Guide to the Agile Manifesto},
	url = {https://www.smartsheet.com/comprehensive-guide-values-principles-agile-manifesto},
	abstract = {Learn about the Agile Manifesto’s history, the 4 values, 12 principles, and usage outside of software development.},
	titleaddon = {Smartsheet},
	urldate = {2020-06-09},
	langid = {english}
}

@online{noauthor_tnp_2020,
	title = {{TNP} Digital Factory},
	url = {https://www.tnpconsultants.com/fr/loffre-de-tnp/tnp-digital-factory},
	abstract = {{NOS} {SAVOIR}-{FAIRE}},
	urldate = {2020-06-09},
	date = {2020-04-29}
}

@inreference{noauthor_scrum_2020,
	title = {Scrum (développement)},
	rights = {Creative Commons Attribution-{ShareAlike} License},
	url = {https://fr.wikipedia.org/w/index.php?title=Scrum_(d%C3%A9veloppement)&oldid=171600398},
	abstract = {Scrum est un framework ou cadre de développement de produits logiciels complexes. Il est défini par ses créateurs comme un « cadre de travail holistique itératif qui se concentre sur les buts communs en livrant de manière productive et créative des produits de la plus grande valeur possible ». Scrum est considéré comme un groupe de pratiques répondant pour la plupart aux préconisations du Manifeste agile.
Scrum s'appuie sur le découpage d'un projet en « boîtes de temps », nommées sprints (« pointes de vitesse »). Les sprints peuvent durer entre quelques heures et un mois (avec un sprint médian à deux semaines). Chaque sprint commence par une estimation suivie d'une planification opérationnelle. Le sprint se termine par une démonstration de ce qui a été achevé. Avant de démarrer un nouveau sprint, l'équipe réalise une rétrospective. Cette technique analyse le déroulement du sprint achevé, afin d'améliorer ses pratiques. Le flux de travail de l'équipe de développement est facilité par son auto-organisation, il n'y aura donc pas de gestionnaire de projet.
La création de frameworks de développement logiciels hybrides couplant Scrum et d'autres frameworks est commune puisque Scrum ne couvre pas le cycle de développement de produit. Par exemple, on pourra utiliser des pratiques issues de l'extreme programming, de la phase de construction structurée de la méthode {RAD}, ou un ensemble de pratiques de qualité du logiciel issues du vécu de l'équipe projet.},
	booktitle = {Wikipédia},
	urldate = {2020-06-09},
	date = {2020-06-02},
	langid = {french},
	note = {Page Version {ID}: 171600398}
}

@inreference{noauthor_manifeste_2020-1,
	title = {Manifeste agile},
	rights = {Creative Commons Attribution-{ShareAlike} License},
	url = {https://fr.wikipedia.org/w/index.php?title=Manifeste_agile&oldid=170925619},
	abstract = {Le Manifeste pour le développement agile de logiciels est un texte rédigé par dix-sept experts du développement d'applications informatiques sous la forme de plusieurs méthodes dites agiles. Ces experts estimaient que le traditionnel cycle de développement en cascade ne correspondait plus aux contraintes et aux exigences des organisations en évolution rapide. Les méthodes agiles ne sont pas apparues avec l’Agile manifesto en 2001 mais celui-ci détermine leurs dénominateurs communs et consacre le terme d'« agile » pour les référencer. Les valeurs et principes du Manifeste agile sont défendus par l'Agile Alliance.},
	booktitle = {Wikipédia},
	urldate = {2020-06-09},
	date = {2020-05-16},
	langid = {french},
	note = {Page Version {ID}: 170925619}
}

@online{noauthor_comprehensive_nodate-1,
	title = {Comprehensive Guide to the Agile Manifesto},
	url = {https://www.smartsheet.com/comprehensive-guide-values-principles-agile-manifesto},
	abstract = {Learn about the Agile Manifesto’s history, the 4 values, 12 principles, and usage outside of software development.},
	titleaddon = {Smartsheet},
	urldate = {2020-06-09},
	langid = {english}
}

@online{noauthor_comprehensive_nodate-2,
	title = {Comprehensive Guide to the Agile Manifesto},
	url = {https://www.smartsheet.com/comprehensive-guide-values-principles-agile-manifesto},
	abstract = {Learn about the Agile Manifesto’s history, the 4 values, 12 principles, and usage outside of software development.},
	titleaddon = {Smartsheet},
	urldate = {2020-06-09},
	langid = {english}
}

@online{dulcemontemayor_fips_nodate,
	title = {{FIPS} 140 Validation - Windows security},
	url = {https://docs.microsoft.com/en-us/windows/security/threat-protection/fips-140-validation},
	abstract = {This topic provides information on how Microsoft products and cryptographic modules comply with the U.S. Federal government standard {FIPS} 140.},
	author = {{DulceMontemayor}},
	langid = {english}
}

@online{noauthor_certificate_nodate,
	title = {Certificate Detail - Cryptographic Module Validation Program {\textbar} {CSRC}},
	url = {https://csrc.nist.gov/projects/cryptographic-module-validation-program/certificate/3197}
}

@online{huhn_myths_nodate,
	title = {Myths about /dev/urandom [Thomas Hühn]},
	url = {https://www.2uo.de/myths-about-urandom/},
	author = {Hühn, Thomas}
}

@online{noauthor_os_nodate,
	title = {os — Miscellaneous operating system interfaces — Python 3.8.1rc1 documentation},
	url = {https://docs.python.org/3/library/os.html#os.urandom}
}

@online{noauthor_password_nodate,
	title = {Password Storage · {OWASP} Cheat Sheet Series},
	url = {https://cheatsheetseries.owasp.org/cheatsheets/Password_Storage_Cheat_Sheet.html#guidance}
}

@online{archwiki_random_nodate,
	title = {Random number generation - {ArchWiki}},
	url = {https://wiki.archlinux.org/index.php/Random_number_generation#Kernel_built-in_RNG},
	author = {{ArchWiki}}
}

@online{noauthor_random_nodate,
	title = {Random number generation — Cryptography 2.9.dev1 documentation},
	url = {https://cryptography.io/en/latest/random-numbers/}
}

@online{noauthor_rsa_nodate,
	title = {{RSA} — Cryptography 2.9.dev1 documentation},
	url = {https://cryptography.io/en/latest/hazmat/primitives/asymmetric/rsa/#generation}
}

@online{robmazz_federal_nodate,
	title = {Federal Information Processing Standard ({FIPS}) Publication 140-2 - Microsoft 365 Compliance},
	url = {https://docs.microsoft.com/en-us/microsoft-365/compliance/offering-fips-140-2},
	abstract = {Microsoft certifies that its cryptographic modules comply with the {US} Federal Information Processing Standard.},
	author = {robmazz},
	langid = {english}
}

@report{national_institute_of_standards_and_technology_security_2019,
	location = {Gaithersburg, {MD}},
	title = {Security requirements for cryptographic modules},
	url = {https://nvlpubs.nist.gov/nistpubs/FIPS/NIST.FIPS.140-3.pdf},
	pages = {NIST FIPS 140--3},
	number = {{NIST} {FIPS} 140-3},
	institution = {National Institute of Standards and Technology},
	author = {{National Institute of Standards and Technology}},
	urldate = {2019-12-15},
	date = {2019-04},
	langid = {english},
	doi = {10.6028/NIST.FIPS.140-3}
}

@report{barker_recommendation_2016,
	title = {Recommendation for Key Management Part 1: General},
	url = {https://nvlpubs.nist.gov/nistpubs/SpecialPublications/NIST.SP.800-57pt1r4.pdf},
	shorttitle = {Recommendation for Key Management Part 1},
	abstract = {This Recommendation provides cryptographic key management guidance. It consists of three parts. Part 1 provides general guidance and best practices for the management of cryptographic keying material. Part 2 provides guidance on policy and security planning requirements for U.S. government agencies. Finally, Part 3 provides guidance when using the cryptographic features of current systems.},
	pages = {NIST SP 800--57pt1r4},
	number = {{NIST} {SP} 800-57pt1r4},
	institution = {National Institute of Standards and Technology},
	author = {Barker, Elaine},
	urldate = {2019-12-15},
	date = {2016-01},
	langid = {english},
	doi = {10.6028/NIST.SP.800-57pt1r4}
}

@report{barker_recommendation_2015,
	title = {Recommendation for Random Number Generation Using Deterministic Random Bit Generators},
	url = {https://nvlpubs.nist.gov/nistpubs/SpecialPublications/NIST.SP.800-90Ar1.pdf},
	abstract = {This Recommendation specifies mechanisms for the generation of random bits using deterministic methods. The methods provided are based on either hash functions or block cipher algorithms.},
	pages = {NIST SP 800--90Ar1},
	number = {{NIST} {SP} 800-90Ar1},
	institution = {National Institute of Standards and Technology},
	author = {Barker, Elaine B. and Kelsey, John M.},
	urldate = {2019-12-15},
	date = {2015-06},
	langid = {english},
	doi = {10.6028/NIST.SP.800-90Ar1}
}

@report{meltem_sonmez_turan_recommendation_nodate,
	title = {Recommendation for Password-Based Key
Derivation},
	url = {https://nvlpubs.nist.gov/nistpubs/Legacy/SP/nistspecialpublication800-132.pdf},
	abstract = {This Recommendation specifies techniques for the derivation of master keys from passwords or
passphrases to protect stored electronic data or data protection keys.},
	number = {{SP}  800-132},
	institution = {National Institute of Standards and Technology},
	author = {{Meltem Sönmez Turan} and {Elaine Barker} and {William Burr} and {Lily Chen}}
}

@report{elaine_barker_recommendation_2019,
	title = {Recommendation for Cryptographic Key Generation},
	url = {https://nvlpubs.nist.gov/nistpubs/SpecialPublications/NIST.SP.800-133r1.pdf},
	abstract = {Cryptography is often used in an information technology security environment to protect
data that is sensitive, has a high value, or is vulnerable to unauthorized disclosure or
undetected modification during transmission or while in storage. Cryptography relies upon
two basic components: an algorithm (or cryptographic methodology) and a cryptographic
key. This Recommendation discusses the generation of the keys to be managed and used
by the approved cryptographic algorithms.},
	number = {{NIST} Special Publication 800-133 Revision 1},
	institution = {National Institute of Standards and Technology},
	author = {{Elaine Barker} and {Allen Roginsky}},
	date = {2019-07}
}

@report{cameron_f._kerry_digital_2013,
	title = {Digital Signature Standard ({DSS})},
	url = {https://nvlpubs.nist.gov/nistpubs/FIPS/NIST.FIPS.186-4.pdf},
	abstract = {This Standard specifies a suite of algorithms that can be used to generate a digital signature.
Digital signatures are used to detect unauthorized modifications to data and to authenticate the
identity of the signatory. In addition, the recipient of signed data can use a digital signature as
evidence in demonstrating to a third party that the signature was, in fact, generated by the
claimed signatory. This is known as non-repudiation, since the signatory cannot easily repudiate
the signature at a later time.},
	number = {{FIPS} {PUB} 186-4},
	institution = {National Institute of Standards and Technology},
	author = {{Cameron F. Kerry} and {Patrick D. Gallagher}},
	date = {2013-07}
}

@misc{ansi_comparatif_2014,
	title = {Comparatif des méthodes d’audit et d’analyse des risques de sécurité des systèmes d’information},
	url = {https://www.nacs.tn/fr/documents/comparatif_methodes_Audit_AR.pdf},
	shorttitle = {Comparatif des méthodes d’audit et d’analyse des risques},
	publisher = {Agence Nationale de la Sécurité Informatique},
	author = {{ANSI}},
	date = {2014-09-26}
}

@online{clusif_meharipedia_nodate,
	title = {Meharipedia},
	url = {http://meharipedia.x10host.com/wp/},
	shorttitle = {Mehari},
	abstract = {Site officiel de la méthode Mehari},
	titleaddon = {meharipedia},
	type = {meharipedia.org},
	author = {{CLUSIF}}
}

@online{clusif_mehari_nodate,
	title = {Mehari - {CLUSIF}},
	url = {https://clusif.fr/mehari/},
	shorttitle = {{CLUSIF}},
	abstract = {Page de présentation de la méthode d'analyse de risques Mehari par le {CLUSIF}.},
	titleaddon = {clusif},
	type = {clusif.fr},
	author = {{CLUSIF}}
}

@online{iso_famille_2015,
	title = {Famille {ISO}/{IEC} 27000
Systèmes de gestion de sécurité de l'information},
	url = {https://www.iso.org/fr/isoiec-27001-information-security.html},
	shorttitle = {{ISO} 27000},
	abstract = {La famille de normes {ISO} 27000 aide les organisations à assurer la sécurité de leurs informations.},
	titleaddon = {iso},
	type = {iso.org},
	author = {{ISO}},
	date = {2015-12}
}

@online{iso_iso/iec_2018,
	title = {{ISO}/{IEC} 27005:2018 
Technologies de l'information -- Techniques de sécurité -- Gestion des risques liés à la sécurité de l'information},
	url = {https://www.iso.org/fr/standard/75281.html},
	shorttitle = {{ISO} 27005},
	abstract = {Le présent document contient des lignes directrices relatives à la gestion des risques en sécurité de l'information.},
	titleaddon = {iso},
	type = {iso.org},
	author = {{ISO}},
	date = {2018-07}
}

@online{dejan_kosutic_iso_nodate,
	title = {{ISO} 27001 vs. {ISO} 27002},
	url = {https://advisera.com/27001academy/knowledgebase/iso-27001-vs-iso-27002/},
	shorttitle = {{ISO} 27001 vs. {ISO} 27002},
	titleaddon = {advisera},
	type = {advisera.com},
	author = {{Dejan Kosutic}}
}

@misc{damien_bilan_2019,
	title = {Le bilan de l'année 2018 - Guillaume {RODOLPHE}},
	shorttitle = {Bilan Milleis Banque 2018},
	abstract = {Bilan (évaluation) annuel de Milleis Banque. (2018)},
	author = {Damien, Pothier},
	date = {2019-02-28}
}

@misc{clusif_mehari_2017,
	title = {{MEHARI} - Principes et Spécifications},
	url = {http://meharipedia.x10host.com/wp/wp-content/uploads/2017/10/MEHARI-Principes-Specifications-2017-valid%C3%87.pdf},
	shorttitle = {Principes et Spécifications},
	publisher = {{CLUSIF}},
	author = {{CLUSIF}},
	date = {2017}
}